% Encoding: ISO-8859-1

@InProceedings{DGGBergmann2016,
  author =    {Bergmann, P. and Schmidt-Hattenberger, C. and Labitzke, T. and Wagner, F.M. and Just, A. and Flechsig, C. and Rippe, D.},
  title =     {Fluid injection monitoring using electrical resistivity tomography - Five years of CO2 injection at Ketzin, Germany},
  booktitle = {{76. Jahrestagung der Deutschen Geophysikalischen Gesellschaft (DGG), M\"{u}nster, 14.-17.03.2016}},
  year =      {2016},
  date =      {2012},
  keywords =  {550 - Earth sciences},
  owner =     {fwagner},
  timestamp = {2015.03.26},
  url =       {http://www.smart-abstract.com/dgg2016_abstractband/abstracts/de/2259.html}
}


@InProceedings{C.Ruecker2015,
  Title                    = {Coupled hydrogeophysical modelling and ERT monitoring using pyGIMLi},
  Author                   = {C. R\"{u}cker, T. G\"{u}nther, F. Wagner},
  Booktitle                = {{3rd International Workshop on Geoelectrical Monitoring - GELMON (Vienna 2015)}},
  Year                     = {2015},

  Date                     = {2012},
  Keywords                 = {550 - Earth sciences},
  Owner                    = {fwagner},
  Timestamp                = {2015.03.26}
}

@InProceedings{RGW15,
  Title                    = {PyGIMLi - Eine Open Source Python Bibliothek zur Inversion und Modellierung in der Geophysik},
  Author                   = {C. R\"{u}cker, T. G\"{u}nther, F. Wagner},
  Booktitle                = {{75. Jahrestagung der Deutschen Geophysikalischen Gesellschaft (DGG), Hannover 2015}},
  Year                     = {2015},

  Date                     = {2012},
  Keywords                 = {550 - Earth sciences},
  Owner                    = {fwagner},
  Timestamp                = {2015.03.26}
}

@InProceedings{RGW16,
  author =    {C. R\"{u}cker, T. G\"{u}nther, F. Wagner},
  title =     {L\"{o}sung gekoppelter Inversionsprobleme mit pyGIMLi},
  booktitle = {{76. Jahrestagung der Deutschen Geophysikalischen Gesellschaft (DGG), M\"{u}nster, 14.-17.03.2016}},
  year =      {2016},
  url =       {http://www.smart-abstract.com/dgg2016_abstractband/abstracts/de/2230.html}
}

@InProceedings{C.Schmidt-Hattenberger2015,
  Title                    = {Technical and methodological requirements for a permanent downhole geoelectrical measurement system as CO2 monitoring tool - A review from the Ketzin pilot site},
  Author                   = {C. Schmidt-Hattenberger, P. Bergmann, T. Labitzke, D. Rippe, F. Wagner},
  Booktitle                = {{3rd International Workshop on Geoelectrical Monitoring - GELMON (Vienna 2015)}},
  Year                     = {2015},

  Owner                    = {fwagner},
  Timestamp                = {2015.11.27}
}

@InProceedings{D.Rippe2015,
  Title                    = {Surface-downhole geoelectrics for post-injection monitoring at the Ketzin pilot site},
  Author                   = {D. Rippe, P. Bergmann, T. Labitzke, F. Wagner, C. Schmidt-Hattenberger},
  Booktitle                = {{3rd International Workshop on Geoelectrical Monitoring - GELMON (Vienna 2015)}},
  Year                     = {2015},

  Owner                    = {fwagner},
  Timestamp                = {2015.11.27}
}

@InProceedings{F.Wagner2015a,
  author =    {F. Wagner, B. Wiese, C. Schmidt-Hattenberger, H. Maurer},
  title =     {Insights on CO2 migration by means of a fully-coupled hydrogeophysical inversion},
  booktitle = {{3rd International Workshop on Geoelectrical Monitoring - GELMON (Vienna 2015)}},
  year =      {2015},
  owner =     {fwagner},
  timestamp = {2015.11.27},
  url =       {http://opac.geologie.ac.at/wwwopacx/wwwopac.ashx?command=getcontent&server=images&value=BR0112_043.pdf}
}

@InProceedings{DGGBergmann2016,
  author =    {F. Wagner, B. Wiese, C. Schmidt-Hattenberger, H. Maurer},
  title =     {Estimating permeability of a CO2 storage reservoir based on multi-physical observations},
  booktitle = {{76. Jahrestagung der Deutschen Geophysikalischen Gesellschaft (DGG), M\"{u}nster, 14.-17.03.2016}},
  year =      {2016},
  date =      {2012},
  keywords =  {550 - Earth sciences},
  owner =     {fwagner},
  timestamp = {2015.03.26},
  url =       {http://www.smart-abstract.com/dgg2016_abstractband/abstracts/de/2225.html}
}

@InProceedings{F.Wagner2015,
  Title                    = {Effekte und Korrektur von Bohrloch bedingten Fehlern bei der permanenten geoelektrischen \"{U}berwachung von geologischen Speichern},
  Author                   = {F. Wagner, P. Bergmann, T. Labitzke, B. Wiese, C. Schmidt-Hattenberger, C. R\"{u}cker, H. Maurer},
  Booktitle                = {{75. Jahrestagung der Deutschen Geophysikalischen Gesellschaft (DGG), Hannover 2015}},
  Year                     = {2015},

  Date                     = {2012},
  Keywords                 = {550 - Earth sciences},
  Owner                    = {fwagner},
  Timestamp                = {2015.03.26}
}

@InProceedings{F.Wagner2014a,
  Title                    = {Accounting for complex borehole completion in crosshole resistivity monitoring},
  Author                   = {F. Wagner, P. Bergmann, T. Labitzke, C. Schmidt-Hattenberger, C. R\"{u}cker, H. Maurer},
  Booktitle                = {4th Helmholtz-Alberta Initiative (HAI) Science Forum, September 29, 2014, Edmonton, Canada},
  Year                     = {2014},

  Owner                    = {fwagner},
  Timestamp                = {2015.01.17}
}

@InProceedings{F.Wagner2014b,
  author =    {F. Wagner, P. Bergmann, T. Labitzke, C. Schmidt-Hattenberger, T. G\"{u}nther, H. Maurer},
  title =     {High-Resolution Monitoring of CO2 Injection with Permanent Electrodes: A 5-Year Retrospect from the Ketzin Site and Design Recommendations for Future Projects},
  booktitle = {AGU Fall Meeting, 15-19 December, 2014, San Francisco, USA},
  year =      {2014},
  owner =     {fwagner},
  timestamp = {2015.01.17},
  url =       {http://adsabs.harvard.edu/abs/2014AGUFM.S34A..02W}
}

@InProceedings{F.Wagner2014,
  Title                    = {Paving the way to estimate CO2 saturation from geoelectrical data},
  Author                   = {F. Wagner, P. Bergmann, T. Labitzke, N. Deisman, C. Schmidt-Hattenberger, H. Maurer, R. Chalaturnyk},
  Booktitle                = {4th Helmholtz-Alberta Initiative (HAI) Science Forum, September 29, 2014, Edmonton, Canada (acknowledged with the Best Oral Presentation Award)},
  Year                     = {2014},

  Owner                    = {fwagner},
  Timestamp                = {2015.01.17}
}

@InProceedings{escidoc:245585,
  Title                    = {{CO2 storage in eastern Brandenburg: Implications for geothermal heat provision and conception of a salinisation early warning system - Review of current progress of the joint-project brine}},
  Author                   = {Kempka, Thomas and Endler, R. and Eydam, D. and Herd, R. and Huenges, Ernst and Jahnke, C. and Jolie, Egbert and Janetz, S. and Krause, Y. and K\"{u}hn, Michael and Magri, Fabien and Moeck, I. and M\"{o}ller, Marcus and Mu{\~n}oz, G. and Nakaten, Benjamin and Ritter, Oliver and Schafrik, W. and Schmidt-Hattenberger, Cornelia and Sch\"{o}ne, Ellen and Tillner, Elena and Voigt, H. J. and Wagner, Florian and Zimmermann, G\"{u}nter},
  Year                     = {2012},
  Series                   = {{Schriftenreihe der Deutschen Gesellschaft f\"{u}r Geowissenschaften 78}},

  Date                     = {2012},
  Keywords                 = {550 - Earth sciences}
}

@InProceedings{escidoc:244947,
  Title                    = {{Development of an integrated monitoring concept to detect possible brine migration}},
  Author                   = {M\"{o}ller, Marcus and Schmidt-Hattenberger, Cornelia and Wagner, Florian and Schr\"{o}der, S.},
  Booktitle                = {{1st International Workshop on Geoelectrical Monitoring - GELMON (Vienna 2011)}},
  Year                     = {2011},

  Date                     = {2011},
  Keywords                 = {550 - Earth sciences}
}

@InProceedings{Moeller2012,
  Title                    = {{Hochaufl\"{o}sende Geoelektrik als Teil eines Fr\"{u}hwarnsystems zur \"{U}berwachung einer m\"{o}glichen Grundwasserversalzung bei der CO2-Speicherung}},
  Author                   = {M\"{o}ller, Marcus and Schmidt-Hattenberger, Cornelia and Wagner, Florian and Schr\"{o}der, S.},
  Booktitle                = {{72. Jahrestagung der Deutschen Geophysikalischen Gesellschaft (DGG), Hamburg 2012}},
  Year                     = {2012},

  Date                     = {2012},
  Keywords                 = {550 - Earth sciences}
}

@InProceedings{Rippe2015,
  Title                    = {{A Permanent Downhole Electrode Array as Valuable Tool for CO2 Monitoring at the Ketzin Pilot Site}},
  Author                   = {Rippe, Dennis and Bergmann, Peter and Labitzke, Tim and Wagner, Florian and Schmidt-Hattenberger, Cornelia},
  Booktitle                = {8th Trondheim Conference on CO2 Capture, Transport and Storage, 16-18 June 2015 (Trondheim, Norway)},
  Year                     = {2015},

  Abstract                 = {{The electrical resistivity tomography (ERT) is part of the geophysical measurement program at the Ketzin CO2 storage site. Designed as permanent downhole electrode array, the ERT monitoring system contributes to the observation of the pore fluid changes due to the CO2/brine displacement process in the target reservoir zone. A sequence of suitable data evaluation tools has been developed and enables this permanent reservoir monitoring system to support subsurface management operations.}},
  Timestamp                = {2015.06.23}
}

@InProceedings{escidoc:328665,
  Title                    = {{Permanent Downhole Geoelectrical Monitoring at the Ketzin CO2 Pilot Site}},
  Author                   = {Schmidt-Hattenberger, Cornelia and Bergmann, P. and B\"{o}sing, David and Labitzke, Tim and M\"{o}ller, M. and Schr\"{o}der, Stephan and Wagner, F. and Sch\"{u}tt, H.},
  Booktitle                = {Second EAGE Workshop on Permanent Reservoir Monitoring 2013 - Current and Future Trends (Stavanger, Norway 2013)},
  Year                     = {2013},

  Abstract                 = {{The electrical resistivity tomography (ERT) is part of the geophysical measurement program at the Ketzin CO2 storage site. Designed as permanent downhole electrode array, the ERT monitoring system contributes to the observation of the pore fluid changes due to the CO2/brine displacement process in the target reservoir zone. A sequence of suitable data evaluation tools has been developed and enables this permanent reservoir monitoring system to support subsurface management operations.}},
  Doi                      = {10.3997/2214-4609.20131314}
}

@InProceedings{Schmidt-Hattenberger2014,
  Title                    = {Electrical Resistivity Tomography (ERT) as a permanent monitoring tool to image the CO2 migration at the Ketzin pilot site - Experiences from more than five years of operation},
  Author                   = {Schmidt-Hattenberger, C. and Bergmann, P. and Labitzke, T. and Wagner, F.},
  Booktitle                = {2nd Internat. Workshop on Geoelectrical Monitoring, GELMON 2013, Vienna, 04.-06.12.2013, Berichte Geol. B.-A., 104, ISSN 1017-8880},
  Year                     = {2013},

  Owner                    = {fwagner},
  Timestamp                = {2015.01.17}
}

@InProceedings{Schmidt-Hattenberger2015,
  Title                    = {{A Permanent Downhole Electrode Array as Valuable Tool for CO2 Monitoring at the Ketzin Pilot Site}},
  Author                   = {Schmidt-Hattenberger, Cornelia and Bergmann, P. Labitzke, Tim and Wagner, F.},
  Booktitle                = {Third EAGE Workshop on Permanent Reservoir Monitoring 2015 (Stavanger, Norway 2015)},
  Year                     = {2015},

  Abstract                 = {{The electrical resistivity tomography (ERT) is part of the geophysical measurement program at the Ketzin CO2 storage site. Designed as permanent downhole electrode array, the ERT monitoring system contributes to the observation of the pore fluid changes due to the CO2/brine displacement process in the target reservoir zone. A sequence of suitable data evaluation tools has been developed and enables this permanent reservoir monitoring system to support subsurface management operations.}},
  Doi                      = {10.3997/2214-4609.201411959},
  Owner                    = {flocke},
  Timestamp                = {2015.06.23}
}

@InProceedings{escidoc:328668,
  Title                    = {{On the Design of Cross-hole Resistivity Arrays for High-resolution and Cost-effective Storage Reservoir Monitoring}},
  Author                   = {Wagner, F. and G\"{u}nther, T. and Schmidt-Hattenberger, Cornelia and Maurer, H.},
  Booktitle                = {Near Surface Geoscience 2013 - the 19th European Meeting of Environmental and Engineering Geophysics of the Near Surface Geoscience (Bochum 2013)},
  Year                     = {2013},

  Abstract                 = {{Electrical resistivity tomography (ERT) has received consideration as a tool for permanent monitoring of saline storage reservoirs due to its high sensitivity to compositional pore fluid changes. The information content offered by geoelectrical data is ultimately limited by the electrode arrangement, and consequently, its full exploitation requires a well-conceived experimental design. We present a methodology to estimate an optimum number of electrodes as well as their specific locations along the borehole trajectories based on a maximization of the respective model resolution. Using a synthetic example analogous to the Ketzin site, Germany, we demonstrate that relatively sparse optimized setups with a refinement of the electrode spacings in the target horizon can offer comparable tomographic imaging capabilities with regard to rather dense arrays. The approach presented can assist practitioners with the design of high-resolution and cost-effective down-hole installations at future CO2 storage sites.}},
  Date                     = {2013},
  Doi                      = {10.3997/2214-4609.20131430}
}

@InProceedings{escidoc:328671,
  Title                    = {{Optimized crosshole resistivity monitoring strategies for geological carbon dioxide storage reservoirs}},
  Author                   = {Wagner, F. and G\"{u}nther, T. and Schmidt-Hattenberger, Cornelia and Maurer, H.},
  Booktitle                = {3rd Helmholtz-Alberta Initiative (HAI) Science Forum, September 2013, Edmonton, Canada (acknowledged with the Best Oral Presentation Award)},
  Year                     = {2013},

  Date                     = {2013}
}

@InProceedings{Wagner2013,
  Title                    = {Estimating optimum electrode locations for high-resolution cross-hole resistivity monitoring},
  Author                   = {Wagner, F. and G\"{u}nther, T. and Schmidt-Hattenberger, Cornelia and Maurer, H.},
  Booktitle                = {2nd Internat. Workshop on Geoelectrical Monitoring, GELMON 2013, Vienna, 04.-06.12.2013, Berichte Geol. B.-A., 104, ISSN 1017-8880},
  Year                     = {2013},

  Owner                    = {fwagner},
  Timestamp                = {2015.01.17}
}

@InProceedings{escidoc:246226,
  Title                    = {{Optimized resistivity monitoring strategies for geological carbon dioxide storage based on reservoir simulations}},
  Author                   = {Wagner, Florian and Hosseini, B. K. and Kempka, Thomas and Schmidt-Hattenberger, Cornelia and Chalaturnyk, R.},
  Booktitle                = {2nd Science Forum of the Helmholtz-Alberta-Initiative, Potsdam Sep. 2012 (acknowledged with the Best Oral Presentation Award)},
  Year                     = {2012},

  Date                     = {2012},
  Keywords                 = {550 - Earth sciences}
}

@InProceedings{escidoc:244946,
  Title                    = {{Detection of groundwater salinisation by geoelectric measurements}},
  Author                   = {Wagner, Florian and M\"{o}ller, Marcus and Schmidt-Hattenberger, Cornelia and Kempka, Thomas and Maurer, H.},
  Booktitle                = {EGU General Assembly 2011, Vienna},
  Year                     = {2011},
  Series                   = {{Geophysical Research Abstracts Vol. 13, EGU2011-4066, 2011}},

  Date                     = {2011},
  Keywords                 = {550 - Earth sciences}
}

@InProceedings{escidoc:246224,
  Title                    = {{Monitoring brine migration in analog transport models using surface-to-hole ERT}},
  Author                   = {Wagner, Florian and M\"{o}ller, Marcus and Schmidt-Hattenberger, Cornelia and Kempka, Thomas and Maurer, H.},
  Year                     = {2012},
  Series                   = {{Geophysical Research Abstracts Vol. 14, EGU2012-2101, 2012}},

  Date                     = {2012},
  Keywords                 = {550 - Earth sciences}
}

@InProceedings{escidoc:328670,
  Title                    = {{Towards quantitative monitoring of CO2 with time-lapse electrical resistivity tomography (ERT): Experiences from the Ketzin pilot site, Germany}},
  Author                   = {Wagner, F. and Schmidt-Hattenberger, Cornelia and Bergmann, P. and Labitzke, Tim and Chalaturnyk, R. and Giroux, B.},
  Booktitle                = {3rd Annual Conference of Carbon Management Canada, Calgary, Canada},
  Year                     = {2013},

  Date                     = {2013}
}

@InProceedings{escidoc:246225,
  Title                    = {{Quantitative CO2 monitoring via time-lapse electrical resistivity tomography (ERT): From tool development to advanced inversion strategies}},
  Author                   = {Wagner, Florian and Schmidt-Hattenberger, Cornelia and Bergmann, Peter and Labitzke, Tim and M\"{o}ller, Marcus and Schr\"{o}der, S.},
  Booktitle                = {{3rd Annual Meeting, Helmholtz Alberta Initiative (Edmonton, Alberta, Canada 2012)}},
  Year                     = {2012},

  Date                     = {2012},
  Keywords                 = {550 - Earth sciences}
}

